@article{cll-rozman-med,
author = {Rozman Ciril and Montserrat Emilio},
title = {Chronic Lymphocytic Leukemia},
journal = {The New England Journal of Medicine},
volume = {\textbf{333}},
%number = {
pages = {1052-1057},
year = {1995},
%doi = {},
}

@article{cll-burger-med,
author = {Burger Jan A.},
title = {Treatment of Chronic Lymphocytic Leukemia},
journal = {The New England Journal of Medicine},
volume = {\textbf{383}},
%number = {
pages = {460-473},
year = {2020},
%doi = {},
}

@article{immunogl-med,
author = {Xochelli A. and Agathangelidis A. and Kavakiotis I.},
title = {Immunoglobulin heavy variable (IGHV) genes and alleles: new entities, new names and implications for research and prognostication in chronic lymphocytic leukaemia},
journal = {Immunogenetics},
volume = {\textbf{67}},
%number = {
pages = {61-66},
year = {2015},
%doi = {},
}

@article{main-paper,
author = {Guzev E. and Jadhav S. S. and Hezkiy E. E. and Sherman M. Y. and Firer M. A. and Bunimovich-Mendrazitsky S.},
title = {Validation of a Mathematical Model Describing the Dynamics of Chemotherapy for Chronic Lymphocytic Leukemia In Vivo},
journal = {Cells},
volume = {\textbf{11}},
number = {2325},
%pages = {61-66},
year = {2022},
%doi = {},
}

@article{pers-med,
title = {Big data analytics for personalized medicine},
journal = {Current Opinion in Biotechnology},
volume = {\textbf{58}},
pages = {161-167},
year = {2019},
author = {Cirillo D. and Valencia A.},
}
